<?xml version="1.0" encoding="UTF-8"?><record xmlns="http://www.loc.gov/MARC21/slim" xmlns:cinclude="http://apache.org/cocoon/include/1.0" xmlns:zs="http://www.loc.gov/zing/srw/">
  <leader>00485nz  a2200145n  4500</leader>
  <controlfield tag="001">n  97921883 </controlfield>
  <controlfield tag="003">DLC</controlfield>
  <controlfield tag="005">19970731052033.1</controlfield>
  <controlfield tag="008">970619n| acannaab|          |a aaa      </controlfield>
  <datafield tag="010" ind1=" " ind2=" ">
    <subfield code="a">n  97921883 </subfield>
  </datafield>
  <datafield tag="040" ind1=" " ind2=" ">
    <subfield code="a">DLC</subfield>
    <subfield code="c">DLC</subfield>
  </datafield>
  <datafield tag="100" ind1="1" ind2="0">
    <subfield code="a">Chatterjee, Meenakshi</subfield>
  </datafield>
  <datafield tag="400" ind1="0" ind2="0">
    <subfield code="a">Meenakshi Chatterjee</subfield>
  </datafield>
  <datafield tag="400" ind1="1" ind2="0">
    <subfield code="a">Chatterjee, M.</subfield>
    <subfield code="q">(Meenakshi)</subfield>
  </datafield>
  <datafield tag="670" ind1=" " ind2=" ">
    <subfield code="a">Dynamics of the lower troposphere, 1996:</subfield>
    <subfield code="b">t.p. (Meenakshi Chatterjee) t.p. verso (Res. Assoc., Centre for Atmospheric Sciences, Univ. of Calcutta)</subfield>
  </datafield>
</record>